@article{jung2015magnetic,
	title={{Magnetic field constraints and sequence-based matching for indoor pose graph SLAM}},
	author={Jung, Jongdae and Oh, Taekjun and Myung, Hyun},
	journal={Robotics and Autonomous Systems},
	volume={70},
	pages={92--105},
	year={2015},
	publisher={Elsevier}
}


